
@incollection{munzner_process_2008,
	address = {Berlin, Heidelberg},
	series = {Lecture {Notes} in {Computer} {Science}},
	title = {Process and {Pitfalls} in {Writing} {Information} {Visualization} {Research} {Papers}},
	isbn = {978-3-540-70956-5},
	url = {https://doi.org/10.1007/978-3-540-70956-5_6},
	abstract = {The goal of this chapter is to help authors recognize and avoid a set of pitfalls that recur in many rejected information visualization papers, using a chronological model of the research process. Selecting a target paper type in the initial stage can avert an inappropriate choice of validation methods. Pitfalls involving the design of a visual encoding may occur during the middle stages of a project. In a later stage when the bulk of the research is finished and the paper writeup begins, the possible pitfalls are strategic choices for the content and structure of the paper as a whole, tactical problems localized to specific sections, and unconvincing ways to present the results. Final-stage pitfalls of writing style can be checked after a full paper draft exists, and the last set of problems pertain to submission.},
	language = {en},
	urldate = {2021-08-12},
	booktitle = {Information {Visualization}: {Human}-{Centered} {Issues} and {Perspectives}},
	publisher = {Springer},
	author = {Munzner, Tamara},
	editor = {Kerren, Andreas and Stasko, John T. and Fekete, Jean-Daniel and North, Chris},
	year = {2008},
	doi = {10.1007/978-3-540-70956-5_6},
	keywords = {IEEE Symposium, Information Visualization, Paper Type, Research Contribution, Target User},
	pages = {134--153},
}

@misc{noauthor_fifa_nodate,
	title = {{FIFA} {Data} {Visualization}},
	url = {https://kaggle.com/roshansharma/fifa-data-visualization},
	abstract = {Explore and run machine learning code with Kaggle Notebooks {\textbar} Using data from FIFA 19 complete player dataset},
	language = {en},
	urldate = {2021-08-27},
	file = {Snapshot:C\:\\Users\\johan\\Zotero\\storage\\UDTHNC34\\fifa-data-visualization.html:text/html},
}

@misc{noauthor_fifa_nodate-1,
	title = {{FIFA} 21: {EDA} and {Visualization}},
	shorttitle = {{FIFA} 21},
	url = {https://kaggle.com/paramarthasengupta/fifa-21-eda-and-visualization},
	abstract = {Explore and run machine learning code with Kaggle Notebooks {\textbar} Using data from FIFA 21 COMPLETE PLAYER DATASET},
	language = {en},
	urldate = {2021-08-28},
	file = {Snapshot:C\:\\Users\\johan\\Zotero\\storage\\5QZC3CYC\\fifa-21-eda-and-visualization.html:text/html},
}

@misc{noauthor_min-maxing_2014,
	title = {Min-{Maxing}},
	url = {https://mein-mmo.de/lexikon/min-maxing/},
	abstract = {Mit Min-Maxing ist die Optimierung einer Spielfigur und eine besonders effiziente Spielweise gemeint. Oft wird der Begriff abwertend verwendet, weil in ihm etwas Obsessives und Streberhaftes mitschwingt.},
	language = {de-DE},
	urldate = {2021-09-04},
	journal = {Mein-MMO.de},
	month = feb,
	year = {2014},
	file = {Snapshot:C\:\\Users\\johan\\Zotero\\storage\\K7I5NGEW\\min-maxing.html:text/html},
}
